@phdthesis{poole,
  title={Improved equipment and techniques for dynamic shimming in high field {MRI}},
  school={University of Nottingham},
  author={Poole, Michael Stephen},
  year={2007}
}

@article{pis,
  title={Minimum energy {MRI} gradient coils of general geometry},
  author={Pissanetzky, Sergio},
  journal={Measurement Science and Technology},
  volume={3},
  number={7},
  pages={667},
  year={1992},
  publisher={IOP Publishing},
  doi={10.1088/0957-0233/3/7/007}
}

@article{bring,
  title={Coil Design for Magnetic Particle Imaging: Application for a Preclinical Scanner},
  author={Bringout, Gael and Buzug, Thorsten M},
  journal={IEEE Transactions on Magnetics},
  volume={51},
  number={2},
  pages={1--8},
  year={2014},
  publisher={IEEE},
  doi={10.1109/TMAG.2014.2344917}
}

@phdthesis{peeren1,
title = "Stream function approach for determining optimal surface currents",
author = "G.N. Peeren",
year = "2003",
doi = "10.6100/IR570424",
language = "English",
isbn = "90-386-0792-X",
publisher = "Technische Universiteit Eindhoven",
school = "Philips Research",
}

@article{peeren2,
  title={Stream function approach for determining optimal surface currents},
  author={Peeren, Gerardus Nerius},
  journal={Journal of Computational Physics},
  volume={191},
  number={1},
  pages={305--321},
  year={2003},
  publisher={Elsevier},
  doi={10.1016/S0021-9991(03)00320-6}
}

@article{zeven,
title = {Conductive shield for ultra-low-field magnetic resonance imaging: {Theory} and measurements of eddy currents},
volume = {115},
doi = {10.1063/1.4867220},
number = {10},
journal = {Journal of Applied Physics},
author = {Zevenhoven, Koos C J and Busch, Sarah and Hatridge, Michael and Öisjöen, Fredrik and Ilmoniemi, Risto J. and Clarke, John},
year = {2014},
pages = {1--12}
}


@article{lopez,
  title={Equivalent magnetization current method applied to the design of gradient coils for magnetic resonance imaging},
  author={Lopez, Hector Sanchez and Liu, Feng and Poole, Michael and Crozier, Stuart},
  journal={IEEE Transactions on Magnetics},
  volume={45},
  number={2},
  pages={767--775},
  year={2009},
  publisher={IEEE}
}

@article{reuter,
  title={Discrete {L}aplace--{B}eltrami operators for shape analysis and segmentation},
  author={Reuter, Martin and Biasotti, Silvia and Giorgi, Daniela and Patan{\`e}, Giuseppe and Spagnuolo, Michela},
  journal={Computers \& Graphics},
  volume={33},
  number={3},
  pages={381--390},
  year={2009},
  publisher={Elsevier},
  doi={10.1016/j.cag.2009.03.005}
}

@inproceedings{levy,
	title = {Laplace-{Beltrami} Eigenfunctions Towards an Algorithm That "Understands" Geometry},
	doi = {10.1109/SMI.2006.21},
	booktitle = {{IEEE} {International} {Conference} on {Shape} {Modeling} and {Applications} 2006 ({SMI}'06)},
	author = {Levy, B.},
	year = {2006},
	pages = {13--13}
}

@article{uhlemann,
title = "Thermal magnetic field noise: Electron optics and decoherence",
journal = "Ultramicroscopy",
volume = "151",
pages = "199 - 210",
year = "2015",
note = "Special Issue: 80th Birthday of Harald Rose; PICO 2015 – Third Conference on Frontiers of Aberration Corrected Electron Microscopy",
issn = "0304-3991",
doi = "https://doi.org/10.1016/j.ultramic.2014.11.022",
author = "Stephan Uhlemann and Heiko Müller and Joachim Zach and Max. Haider"
}

@article{roth, 
title = {Thermal fluctuations of the magnetic field over a thin conducting plate}, 
volume = {83}, 
doi = {10.1063/1.366753},
number = {2},
journal = {Journal of Applied Physics}, 
author = {Roth, B J}, 
year = {1998}, 
pages = {635--638} 
}

@article{part1_arxiv,
    title = {Magnetic-field modeling with surface currents: Physical and computational principles of bfieldtools},
    year = {2020},
    journal = {ArXiv},
    author = {Mäkinen, Antti J. and Zetter, Rasmus and Iivanainen, Joonas and Zevenhoven, Koos C. J. and Parkkonen, Lauri and Ilmoniemi, Risto J.},
    url = {https://arxiv.org/abs/2005.10060}
}

@article{bfieldtools_physics,
                author = {Mäkinen, Antti J. and Zetter, Rasmus and Iivanainen, Joonas and Zevenhoven, Koos C. J. and Parkkonen, Lauri and Ilmoniemi, Risto J.},
                title = {Magnetic-field modeling with surface currents. {Part} {I}. {Physical} and computational principles of bfieldtools},
                journal = {Journal of Applied Physics},
                volume = {128},
                number = {6},
                pages = {063906},
                year = {2020},
                doi = {10.1063/5.0016090}
}

@article{part2_arxiv,
    title = {Magnetic-field modeling with surface currents: Implementation and usage of bfieldtools},
    year = {2020},
    journal = {ArXiv},
    author = {Zetter, Rasmus and Mäkinen, Antti J. and Iivanainen, Joonas and Zevenhoven, Koos C. J. and Ilmoniemi, Risto J. and Parkkonen, Lauri},
    url = {https://arxiv.org/abs/2005.10056}
}

@article{bfieldtools_software,
                author = {Zetter, Rasmus and Mäkinen, Antti J. and Iivanainen, Joonas and Zevenhoven, Koos C. J. and Ilmoniemi, Risto J. and Parkkonen, Lauri},
                title = {Magnetic field modeling with surface currents. {Part} {II}. {Implementation} and usage of bfieldtools},
                journal = {Journal of Applied Physics},
                volume = {128},
                number = {6},
                pages = {063905},
                year = {2020},
                doi = {10.1063/5.0016087}
}
    
@article{bfieldtools_thermal_noise,
    title={A general method for computing thermal magnetic noise arising from thin conducting objects},
    author={Joonas Iivanainen and Antti J. Mäkinen and Rasmus Zetter and Koos C. J. Zevenhoven and Risto J. Ilmoniemi and Lauri Parkkonen},
    year={2020},
    journal={ArXiv},
    url = {https://arxiv.org/abs/2007.08963}
}
