
@misc{smith_ukpopulation:_2018,
	title = {{ukpopulation}: Unified {UK} {National} and {Subnational} {Population Projections}},
	copyright = {MIT},
	shorttitle = {{ukpopulation}},
	url = {https://github.com/nismod/ukpopulation},
	urldate = {2018-05-31},
	author = {Smith, Andrew P, Russell, Tom},
	month = may,
	year = {2018},
	note = {},
	keywords = {population, projection, data-science, python},
}
