@online{dfg,
  author = {{German Research Foundation}},
  title = {Handling of Research Data},
  year = 2019,
  url = {https://www.dfg.de/en/research_funding/proposal_review_decision/applicants/research_data/index.html},
  urldate = {2019-12-10}
}
@online{postgresql,
  author = {{The PostgreSQL Global Development Group}},
  title = {PostgreSQL},
  year = 2019,
  url = {https://www.postgresql.org/},
  urldate = {2019-12-10}
}
@online{flask,
  author = {Armin Ronacher},
  title = {Flask},
  year = 2019,
  url = {https://pypi.org/project/Flask/},
  urldate = {2019-12-10}
}
@online{sqlalchemy,
  author = {Mike Bayer},
  title = {SQLAlchemy},
  year = 2019,
  url = {https://pypi.org/project/SQLAlchemy/},
  urldate = {2019-12-10}
}
@online{juliabase,
  author = {Torsten Bronger},
  title = {The JuliaBase project},
  year = 2015,
  url = {https://juliabase.org/project.html},
  urldate = {2020-06-17}
}
@online{bikalims,
  author = {{Bika LIMS Collective}},
  title = {The Bika Open Source LIMS project},
  year = 2020,
  url = {https://www.bikalims.org/},
  urldate = {2020-06-17}
}
@online{senaite,
  author = {{RIDING BYTES GmbH} and {NARALABS S.L.}},
  title = {SENAITE Enterprise Open Source Laboratory System},
  year = 2020,
  url = {https://www.senaite.com/},
  urldate = {2020-06-17}
}
@article{fair,
  author  = {Mark D. Wilkinson and  Michel Dumontier and IJsbrand Jan Aalbersberg and Gabrielle Appleton and Myles Axton and Arie Baak and Niklas Blomberg and Jan-Willem Boiten and Luiz Bonino da Silva Santos and Philip E. Bourne and Jildau Bouwman and Anthony J. Brookes and Tim Clark and Mercè Crosas and Ingrid Dillo and Olivier Dumon and Scott Edmunds and Chris T. Evelo and Richard Finkers and Alejandra Gonzalez-Beltran and Alasdair J.G. Gray and Paul Groth and Carole Goble and Jeffrey S. Grethe and Jaap Heringa and Peter A.C ’t Hoen and Rob Hooft and Tobias Kuhn and Ruben Kok and Joost Kok and Scott J. Lusher and Maryann E. Martone and Albert Mons and Abel L. Packer and Bengt Persson and Philippe Rocca-Serra and Marco Roos and Rene van Schaik and Susanna-Assunta Sansone and Erik Schultes and Thierry Sengstag and Ted Slater and George Strawn and Morris A. Swertz and Mark Thompson and Johan van der Lei and Erik van Mulligen and Jan Velterop and Andra Waagmeester and Peter Wittenburg and Katherine Wolstencroft and Jun Zhao and Barend Mons},
  title   = {The {FAIR Guiding Principles} for scientific data management and stewardship},
  journal = {Scientific Data},
  volume  = {3},
  year    = {2016},
  number  = {160018},
  doi     = {10.1038/sdata.2016.18},
  url     = {https://doi.org/10.1038/sdata.2016.18}
}
