@article{MortonMarotz2019,
  title={Establishing microbial composition measurement standards with reference frames},
  author={Morton, James T and Marotz, Clarisse and Washburne, Alex and Silverman, Justin and Zaramela, Livia S and Edlund, Anna and Zengler, Karsten and Knight, Rob},
  journal={Nature communications},
  volume={10},
  number={1},
  pages={2719},
  year={2019},
  publisher={Nature Publishing Group}
}
