%%%%%%%%%%%%%%%%%%%%%%%%%%%%%%%%%%%%%%
% Quantum Software
%%%%%%%%%%%%%%%%%%%%%%%%%%%%%%%%%%%%%%

@article{Killoran2019strawberryfields,
  url = {https://doi.org/10.22331/q-2019-03-11-129},
  title = {Strawberry {F}ields: {A} {S}oftware {P}latform for {P}hotonic {Q}uantum {C}omputing},
  author = {Killoran, Nathan and Izaac, Josh and Quesada, Nicol{\'{a}}s and Bergholm, Ville and Amy, Matthew and Weedbrook, Christian},
  journal = {{Quantum}},
  volume = {3},
  pages = {129},
  year = {2019}
}
