@article{test1,
  title={Test Title 1 },
  author={Author, First and Author, Second},
  journal={Testing Journal},
  volume={1},
  year={2019},
  publisher={Test_Publisher}
}
